<record><leader>00000cas a2200000 a 4500</leader><controlfield tag="001">17331035</controlfield><controlfield tag="008">880111d19721981wauwr ne      0    0eng d</controlfield><datafield ind1=" " ind2=" " tag="010"><subfield code="a">sn 88085113 </subfield></datafield><datafield ind1=" " ind2=" " tag="040"><subfield code="a">SLZ</subfield><subfield code="b">eng</subfield><subfield code="c">SLZ</subfield><subfield code="d">NSD</subfield><subfield code="d">OCLCQ</subfield><subfield code="d">OCLCF</subfield><subfield code="d">OCLCO</subfield></datafield><datafield ind1="1" ind2=" " tag="029"><subfield code="a">AU@</subfield><subfield code="b">000025810243</subfield></datafield><datafield ind1=" " ind2=" " tag="042"><subfield code="a">msc</subfield></datafield><datafield ind1=" " ind2=" " tag="043"><subfield code="a">n-us-wa</subfield></datafield><datafield ind1="0" ind2=" " tag="130"><subfield code="a">Raymond herald (Raymond, Wash. : 1972)</subfield></datafield><datafield ind1="1" ind2="4" tag="245"><subfield code="a">The Raymond herald.</subfield></datafield><datafield ind1=" " ind2=" " tag="260"><subfield code="a">Raymond, Wash. :</subfield><subfield code="b">David Gauger</subfield></datafield><datafield ind1=" " ind2=" " tag="300"><subfield code="a">v.</subfield></datafield><datafield ind1=" " ind2=" " tag="310"><subfield code="a">Weekly</subfield></datafield><datafield ind1="0" ind2=" " tag="362"><subfield code="a">66th yr., no. 17 (Apr. 27, 1972)-Mar. 25, 1981.</subfield></datafield><datafield ind1=" " ind2="0" tag="651"><subfield code="a">Raymond (Wash.)</subfield><subfield code="v">Newspapers.</subfield></datafield><datafield ind1=" " ind2="7" tag="655"><subfield code="a">Newspapers.</subfield><subfield code="2">fast</subfield><subfield code="0">(OCoLC)fst01423814</subfield></datafield><datafield ind1=" " ind2="7" tag="651"><subfield code="a">Washington (State)</subfield><subfield code="z">Raymond.</subfield><subfield code="2">fast</subfield><subfield code="0">(OCoLC)fst01289266</subfield></datafield><datafield ind1=" " ind2=" " tag="752"><subfield code="a">United States</subfield><subfield code="b">Washington</subfield><subfield code="c">Pacific</subfield><subfield code="d">Raymond.</subfield></datafield><datafield ind1="0" ind2="0" tag="780"><subfield code="t">Raymond herald the advertiser</subfield><subfield code="w">(DLC)sn 88087038</subfield></datafield><datafield ind1="0" ind2="7" tag="785"><subfield code="t">South Bend journal &amp; harbor pilot</subfield><subfield code="w">(DLC)sn 88085112</subfield><subfield code="w">(OCoLC)17331011</subfield></datafield><datafield ind1="0" ind2="7" tag="785"><subfield code="t">Willapa Harbor herald</subfield><subfield code="x">1065-3805</subfield><subfield code="w">(DLC)sn 88085115</subfield><subfield code="w">(OCoLC)17331133</subfield></datafield></record>